@book{zingale_2020, 
series={The Open Astrophysics Bookshelf}, title={ Introduction to Computational Astrophysical Hydrodynamics}, 
author={Zingale, Michael}, 
year={2020}, 
collection={The Open Astrophysics Bookshelf}
}